<record><leader>00000cas a22000007a 4500</leader><controlfield tag="001">43792110</controlfield><controlfield tag="008">000406cuuuu9999okuwr n       0   a0eng c</controlfield><datafield ind1=" " ind2=" " tag="010"><subfield code="a">   00214711 </subfield></datafield><datafield ind1=" " ind2=" " tag="040"><subfield code="a">NSD</subfield><subfield code="b">eng</subfield><subfield code="c">NSD</subfield><subfield code="d">OCLCQ</subfield></datafield><datafield ind1=" " ind2=" " tag="012"><subfield code="m">1</subfield></datafield><datafield ind1="1" ind2=" " tag="022"><subfield code="a">1529-5494</subfield><subfield code="l">1529-5494</subfield><subfield code="2">1</subfield></datafield><datafield ind1=" " ind2=" " tag="032"><subfield code="a">136160</subfield><subfield code="b">USPS</subfield></datafield><datafield ind1=" " ind2=" " tag="037"><subfield code="b">Tri-county Record, 310 W. Main St., Covington, OK 73730</subfield></datafield><datafield ind1=" " ind2=" " tag="042"><subfield code="a">nsdp</subfield><subfield code="a">pcc</subfield></datafield><datafield ind1="0" ind2=" " tag="130"><subfield code="a">Tri-county record (Covington, Okla.)</subfield></datafield><datafield ind1=" " ind2="4" tag="222"><subfield code="a">The tri-county record</subfield><subfield code="b">(Covington, Okla.)</subfield></datafield><datafield ind1="1" ind2="4" tag="245"><subfield code="a">The tri-county record.</subfield></datafield><datafield ind1=" " ind2=" " tag="260"><subfield code="a">Covington, OK :</subfield><subfield code="b">Covington Pub. Corp.</subfield></datafield><datafield ind1=" " ind2=" " tag="300"><subfield code="a">v.</subfield></datafield><datafield ind1=" " ind2=" " tag="310"><subfield code="a">Weekly</subfield></datafield><datafield ind1=" " ind2=" " tag="588"><subfield code="a">Description based on: Vol. 81, no. 8 (Feb. 23, 2000).</subfield></datafield><datafield ind1=" " ind2=" " tag="752"><subfield code="a">United States.</subfield><subfield code="b">Oklahoma</subfield><subfield code="c">Garfield</subfield><subfield code="d">Covington.</subfield></datafield><datafield ind1="0" ind2="0" tag="780"><subfield code="t">Covington record</subfield><subfield code="x">0746-6633</subfield><subfield code="w">(DLC)sn 83005506</subfield></datafield><datafield ind1="1" ind2=" " tag="029"><subfield code="a">AU@</subfield><subfield code="b">000021482450</subfield></datafield></record>